
@article{BeckerTumitan2014,
author = {Becker, K. and Tumitan, D.},
title = {{Sentiment-based features for predicting election polls: a case study on the brazilian scenario}},
journal = {IEEE/WIC/ACM International Joint Conferences on Web Intelligence (WI) and Intelligent Agent Technologies (IAT)},
volume = {2},
pages = {126-133},
year = {2014}
}



