
% https://dl.acm.org/citation.cfm?id=2682838
@article{BeckerTumitan2014,
	author = {Becker, K. and Tumitan, D.},
	title = {{Sentiment-based features for predicting election polls: a case study on the brazilian scenario}},
	journal = {IEEE/WIC/ACM International Joint Conferences on Web Intelligence (WI) and Intelligent Agent Technologies (IAT)},
	volume = {2},
	pages = {126-133},
	year = {2014}
}

% em 1_reference
@article{LeiteMacedo2017,
	author = {Leite, C. and Macedo, M.},
	title = {{Corrupção política: a colonização do brasil}},
	journal = {Periódico Científico Outras Palavras},
	volume = {13},
	pages = {109-115},
	year = {2017}
}

% em 1_reference
@article{Alves2018,
	author = {Alves, V.},
	title = {{A relação entre a desigualdade e a corrupção política na filosofia de rousseau}},
	journal = {Revista de Filosofia, Amargosa - BA},
	volume = {17},
	pages = {85-96},
	year = {2018}
}

% em 1_reference
@article{ResendeAndrade2018,
	author = {Resende, J. and Andrade, M.},
	title = {{Crime social, castigo social: desigualdade de renda e taxas de criminalidade nos grandes municípios brasileiros}},
	journal = {Estudos Econômicos, São Paulo - SP},
	volume = {41},
	pages = {174-195},
	year = {2011}
}

% em 1_reference
@article{FerrazFinan2008,
	author = {Ferraz, C. and Finan, F.},
	title = {{Exposing corrupt politicians: the effects of brazil’s publicly released audits on electoral outcomes}},
	journal = {The Quarterly Journal of Economics},
	volume = {1},
	pages = {703-745},
	year = {2008}
}
% e quando nao tem volume, faz o que? coloca 1 ou tira?

% em 1_reference
@mastersthesis{Ransom2013:MSc,
	author = {Ransom, J.},
	title = {Replicating data mining techniques for development: a case study of corruption},
	school = {Master of Science, International Development and Management, Lund University, Sweden},
	year = {2013},
	month = Jun
}

@misc{CGU,
  author = {CGU},
  title = {{Programa de Fiscalização em Entes Federativos}},
  howpublished = "\url{https://www.cgu.gov.br/assuntos/auditoria-e-fiscalizacao/programa-de-fiscalizacao-em-entes-federativos}",
  year = {2015},
  note = "[Online; accessed 27-June-2019]"
}

% em 1_reference
@article{Goldani2001,
	author = {Goldani, MZ. et al.},
	title = {{Socio-economic status and infant mortality}},
	journal = {Revista Saúde Pública},
	volume = {35},
	pages = {256-261},
	year = {2001}
}

@misc{GitHubLucas,
  author = {Bruscato, L.},
  title = {{Repositório no GitHub pertencente ao Lucas Bruscato}},
  howpublished = "\url{https://github.com/lucasbruscato/Master}",
  year = {2018},
  note = "[Online; accessed 27-June-2019]"
}

@misc{Python,
  author = {Rossum, G.},
  title = {{Python programming language}},
  howpublished = "\url{https://www.python.org/}",
  year = {1990},
  note = "[Online; accessed 27-June-2019]"
}

@misc{JupyterNotebook,
  author = {Pérez, F.},
  title = {{Project Jupyter}},
  howpublished = "\url{https://jupyter.org/}",
  year = {2015},
  note = "[Online; accessed 27-June-2019]"
}

@misc{PEP8,
  author = {Rossum, G.},
  title = {{Python Enhancement Proposal 8}},
  howpublished = "\url{https://www.python.org/dev/peps/pep-0008/}",
  year = {2001},
  note = "[Online; accessed 27-June-2019]"
}

@misc{CRISPDM,
  author = {ESPRIT},
  title = {{Cross-industry standard process for data mining}},
  howpublished = "\url{https://www.sv-europe.com/crisp-dm-methodology/}",
  year = {1996},
  note = "[Online; accessed 27-June-2019]"
}

@misc{Selenium,
  author = {Huggins, J.},
  title = {{Selenium framework}},
  howpublished = "\url{https://www.seleniumhq.org/projects/webdriver/}",
  year = {2004},
  note = "[Online; accessed 27-June-2019]"
}

@misc{PDFMiner,
  author = {Shinyama, Y.},
  title = {{PDFMiner}},
  howpublished = "\url{https://euske.github.io/pdfminer/index.html}",
  year = {2004},
  note = "[Online; accessed 27-June-2019]"
}

@misc{IBGE,
  author = {IBGE},
  title = {{Censo demográfico do IBGE}},
  howpublished = "\url{https://www.ibge.gov.br/estatisticas-novoportal/sociais/saude/9662-censo-demografico-2010.html?edicao=14881&t=downloads}",
  year = {2000},
  note = "[Online; accessed 27-June-2019]"
}

% em 1_reference
@mastersthesis{Wesllen2017:MSc,
	author = {Wesllen, D.},
	title = {Diagnóstico de influência bayesiano em modelos de regressão da família t-assimétrica},
	school = {Mestrado em Estatística, Instituto de Matemática e Estatística, Universidade de São Paulo, Brasil},
	year = {2013},
	month = Jun
}
